@book{Pac17,
  title={Neighborhood Semantics for Modal Logic},
  author={Eric Pacuit},
  publisher={Springer Cham},
  year = 2017
}

@book{Bla01,
  title={Modal Logic},
  author={Patrick Blackburn and Maarten de Rijke and Yde Venema},
  publisher={Cambridge University Press},
  year = 2001
}

@book{Eng89,
  title={General Topology},
  volume= {6},
  author={Ryszard Englelking},
  publisher={Heldermann Verlag},
  year = 1989
}
